@article{dafarra2024icub3,
  title={iCub3 avatar system: Enabling remote fully immersive embodiment of humanoid robots},
  author={Dafarra, Stefano and Pattacini, Ugo and Romualdi, Giulio and Rapetti, Lorenzo and Grieco, Riccardo and Darvish, Kourosh and Milani, Gianluca and Valli, Enrico and Sorrentino, Ines and Viceconte, Paolo Maria and others},
  journal={Science Robotics},
  volume={9},
  number={86},
  pages={eadh3834},
  year={2024},
  publisher={American Association for the Advancement of Science}
}

@inproceedings{ossadnik2018adaptive,
  title={Adaptive Friction Compensation for Humanoid Robots without Joint-Torque Sensors},
  author={Ossadnik, Dennis and Guadarrama-Olvera, J Rogelio and Dean-Leon, Emmanuel and Cheng, Gordon},
  booktitle={2018 IEEE-RAS 18th International Conference on Humanoid Robots (Humanoids)},
  pages={980--985},
  year={2018},
  organization={IEEE}
}

@article{marques2016survey,
  title={A survey and comparison of several friction force models for dynamic analysis of multibody mechanical systems},
  author={Marques, Filipe and Flores, Paulo and Pimenta Claro, JC and Lankarani, Hamid M},
  journal={Nonlinear Dynamics},
  volume={86},
  pages={1407--1443},
  year={2016},
  publisher={Springer}
}

@article{han2022slope,
  title={Slope walking of humanoid robot without IMU sensor on an unknown slope},
  author={Han, Yun-Ho and Cho, Baek-Kyu},
  journal={Robotics and autonomous systems},
  volume={155},
  pages={104163},
  year={2022},
  publisher={Elsevier}
}

@inproceedings{han2023implementing,
  title={Implementing Torque Control-Based Biped Walking of Humanoid Robots with High Reduction Gear and No Joint Torque Feedback},
  author={Han, Yun-Ho and Cho, Baek-Kyu},
  booktitle={2023 IEEE-RAS 22nd International Conference on Humanoid Robots (Humanoids)},
  pages={1--8},
  year={2023},
  organization={IEEE}
}

@inproceedings{zhang2013torque,
  title={Torque estimation technique of robotic joint with harmonic drive transmission},
  author={Zhang, Hongwei and Ahmad, Saleh and Liu, Guangjun},
  booktitle={2013 IEEE International Conference on Robotics and Automation},
  pages={3034--3039},
  year={2013},
  organization={IEEE}
}

@article{zhang2015torque,
  title={Torque estimation for robotic joint with harmonic drive transmission based on position measurements},
  author={Zhang, Hongwei and Ahmad, Saleh and Liu, Guangjun},
  journal={IEEE Transactions on Robotics},
  volume={31},
  number={2},
  pages={322--330},
  year={2015},
  publisher={IEEE}
}

@article{zhu2022torque,
  title={Torque estimation for robotic joint with harmonic drive transmission based on system dynamic characteristics},
  author={Zhu, Minghong and Xiao, Shu and Yu, Fei},
  journal={Journal of Systems Engineering and Electronics},
  volume={33},
  number={6},
  pages={1320--1331},
  year={2022},
  publisher={BIAI}
}

@article{awrejcewicz2005analysis,
  title={Analysis of dynamic systems with various friction laws},
  author={Awrejcewicz, J and Olejnik, P},
  journal={Applied Mechanics Reviews},
  volume={58},
  number={6},
  pages={389--411},
  year={2005}
}

@article{iurian2005identification,
  title={Identification of a system with dry friction},
  author={Iurian, Claudiu and Ikhouane, Fay{\c{c}}al and Rodellar Bened{\'e}, Jos{\'e} and Gri{\~n}{\'o} Cubero, Robert},
  year={2005}
}

@article{olejnik2013application,
  title={Application of H{\'e}non method in numerical estimation of the stick--slip transitions existing in Filippov-type discontinuous dynamical systems with dry friction},
  author={Olejnik, Pawe{\l} and Awrejcewicz, Jan},
  journal={Nonlinear Dynamics},
  volume={73},
  pages={723--736},
  year={2013},
  publisher={Springer}
}

@article{olejnik2023friction,
  title={Friction modelling and the use of a physics-informed neural network for estimating frictional torque characteristics},
  author={Olejnik, Pawe{\l} and Ayankoso, Samuel},
  journal={Meccanica},
  volume={58},
  number={10},
  pages={1885--1908},
  year={2023},
  publisher={Springer}
}

@article{worden2007identification,
  title={Identification of pre-sliding and sliding friction dynamics: Grey box and black-box models},
  author={Worden, K and Wong, CX and Parlitz, Ulrich and Hornstein, A and Engster, David and Tjahjowidodo, Tegoeh and Al-Bender, Farid and Rizos, DD and Fassois, SD},
  journal={Mechanical systems and signal Processing},
  volume={21},
  number={1},
  pages={514--534},
  year={2007},
  publisher={Elsevier}
}

@book{featherstone2014rigid,
  title={Rigid body dynamics algorithms},
  author={Featherstone, Roy},
  year={2014},
  publisher={Springer}
}

@article{liu2015experimental,
  title={Experimental comparison of five friction models on the same test-bed of the micro stick-slip motion system},
  author={Liu, YF and Li, J and Zhang, ZM and Hu, XH and Zhang, WJ},
  journal={Mechanical Sciences},
  volume={6},
  number={1},
  pages={15--28},
  year={2015},
  publisher={Copernicus GmbH G{\"o}ttingen, Germany}
}

@article{olsson1998friction,
  title={Friction models and friction compensation},
  author={Olsson, Henrik and {\AA}str{\"o}m, Karl Johan and De Wit, Carlos Canudas and G{\"a}fvert, Magnus and Lischinsky, Pablo},
  journal={Eur. J. Control},
  volume={4},
  number={3},
  pages={176--195},
  year={1998}
}

@inproceedings{taghirad1996experimental,
  title={An experimental study on modelling and identification of harmonic drive systems},
  author={Taghirad, HD and Belanger, PR},
  booktitle={Proceedings of 35th IEEE Conference on Decision and Control},
  volume={4},
  pages={4725--4730},
  year={1996},
  organization={IEEE}
}

@inproceedings{jin2019joint,
  title={Joint torque estimation toward dynamic and compliant control for gear-driven torque sensorless quadruped robot},
  author={Jin, Bingchen and Sun, Caiming and Zhang, Aidong and Ding, Ning and Lin, Jing and Deng, Ganyu and Zhu, Zuwen and Sun, Zhenglong},
  booktitle={2019 IEEE/RSJ International Conference on Intelligent Robots and Systems (IROS)},
  pages={4630--4637},
  year={2019},
  organization={IEEE}
}

@article{sorrentino2024ukf,
  title={UKF-Based Sensor Fusion for Joint-Torque Sensorless Humanoid Robots},
  author={Sorrentino, Ines and Romualdi, Giulio and Pucci, Daniele},
  journal={arXiv preprint arXiv:2402.18380},
  year={2024}
}

@article{marques2016survey,
  title={A survey and comparison of several friction force models for dynamic analysis of multibody mechanical systems},
  author={Marques, Filipe and Flores, Paulo and Pimenta Claro, JC and Lankarani, Hamid M},
  journal={Nonlinear Dynamics},
  volume={86},
  pages={1407--1443},
  year={2016},
  publisher={Springer}
}

@article{vuojolainen2017comparison,
  title={Comparison of excitation signals in active magnetic bearing system identification},
  author={Vuojolainen, Jouni and Nevaranta, Niko and Jastrzebski, Rafal and Pyrh{\"o}nen, Olli},
  year={2017}
}

@article{engel2004kernel,
  title={The kernel recursive least-squares algorithm},
  author={Engel, Yaakov and Mannor, Shie and Meir, Ron},
  journal={IEEE Transactions on signal processing},
  volume={52},
  number={8},
  pages={2275--2285},
  year={2004},
  publisher={IEEE}
}

@article{welch1995introduction,
  title={An introduction to the Kalman filter},
  author={Welch, Greg and Bishop, Gary and others},
  year={1995},
  publisher={Chapel Hill, NC, USA}
}

@article{mahata2018optimal,
  title={Optimal design of fractional order low pass Butterworth filter with accurate magnitude response},
  author={Mahata, Shibendu and Saha, Suman Kumar and Kar, Rajib and Mandal, Durbadal},
  journal={Digital Signal Processing},
  volume={72},
  pages={96--114},
  year={2018},
  publisher={Elsevier}
}

@inproceedings{romualdi2022whole,
  title={Whole-body control and estimation of humanoid robots with link flexibility},
  author={Romualdi, Giulio and Villa, Nahuel A and Dafarra, Stefano and Pucci, Daniele and Stasse, Olivier},
  booktitle={2022 IEEE-RAS 21st International Conference on Humanoid Robots (Humanoids)},
  pages={104--111},
  year={2022},
  organization={IEEE}
}

@misc{wandb,
title = {Experiment Tracking with Weights and Biases},
year = {2020},
note = {Software available from wandb.com},
url={https://www.wandb.com/},
author = {Biewald, Lukas},
}

@article{abiodun2018state,
  title={State-of-the-art in artificial neural network applications: A survey},
  author={Abiodun, Oludare Isaac and Jantan, Aman and Omolara, Abiodun Esther and Dada, Kemi Victoria and Mohamed, Nachaat AbdElatif and Arshad, Humaira},
  journal={Heliyon},
  volume={4},
  number={11},
  year={2018},
  publisher={Elsevier}
}

@article{cuomo2022scientific,
  title={Scientific machine learning through physics--informed neural networks: Where we are and whatâ€™s next},
  author={Cuomo, Salvatore and Di Cola, Vincenzo Schiano and Giampaolo, Fabio and Rozza, Gianluigi and Raissi, Maziar and Piccialli, Francesco},
  journal={Journal of Scientific Computing},
  volume={92},
  number={3},
  pages={88},
  year={2022},
  publisher={Springer}
}

@inproceedings{nagamatsu2017distributed,
  title={Distributed torque estimation toward low-latency variable stiffness control for gear-driven torque sensorless humanoid},
  author={Nagamatsu, Yuya and Shirai, Takuma and Suzuki, Hiroto and Kakiuchi, Yohei and Okada, Kei and Inaba, Masayuki},
  booktitle={2017 IEEE/RSJ International Conference on Intelligent Robots and Systems (IROS)},
  pages={5239--5244},
  year={2017},
  organization={IEEE}
}

@article{tu2019modeling,
  title={Modeling the static friction in a robot joint by genetically optimized BP neural network},
  author={Tu, Xiao and Zhou, YunFei and Zhao, Pu and Cheng, Xin},
  journal={Journal of Intelligent \& Robotic Systems},
  volume={94},
  pages={29--41},
  year={2019},
  publisher={Springer}
}

@article{wang2023improved,
  title={Improved prediction model of the friction error of CNC machine tools based on the long short term memory method},
  author={Wang, Tao and Zhang, Dailin},
  journal={Machines},
  volume={11},
  number={2},
  pages={243},
  year={2023},
  publisher={MDPI}
}

@article{hochreiter1997long,
  title={Long short-term memory},
  author={Hochreiter, Sepp and Schmidhuber, J{\"u}rgen},
  journal={Neural computation},
  volume={9},
  number={8},
  pages={1735--1780},
  year={1997},
  publisher={MIT press}
}

@inproceedings{wolf2018extending,
  title={Extending a dynamic friction model with nonlinear viscous and thermal dependency for a motor and harmonic drive gear},
  author={Wolf, Sebastian and Iskandar, Maged},
  booktitle={2018 IEEE International Conference on Robotics and Automation (ICRA)},
  pages={783--790},
  year={2018},
  organization={IEEE}
}

@article{pennestri2016review,
  title={Review and comparison of dry friction force models},
  author={Pennestr{\`\i}, Ettore and Rossi, Valerio and Salvini, Pietro and Valentini, Pier Paolo},
  journal={Nonlinear dynamics},
  volume={83},
  pages={1785--1801},
  year={2016},
  publisher={Springer}
}

@article{bergstra2012random,
  title={Random search for hyper-parameter optimization.},
  author={Bergstra, James and Bengio, Yoshua},
  journal={Journal of machine learning research},
  volume={13},
  number={2},
  year={2012}
}

@phdthesis{traversaro2017thesis,
  author       = {Traversaro, Silvio},
  title        = {{Modelling, Estimation and Identification of Humanoid Robots Dynamics}},
  school       = {University of Genoa},
  year         = 2017,
  month        = apr,
  doi          = {10.5281/zenodo.3564797},
  url          = {https://doi.org/10.5281/zenodo.3564797}
}

@misc{code,
  author = {Sorrentino, I.},
  title = {paper\_sorrentino\_2024\_humanoids\_friction\_estimation},
  howpublished = {\url{https://github.com/ami-iit/paper_sorrentino_2024_humanoids_friction_estimation}}
}