@inproceedings{sorrentino2024physics,
  title={Physics-Informed Learning for the Friction Modeling of High-Ratio Harmonic Drives},
  author={Sorrentino, Ines and Romualdi, Giulio and Bergonti, Fabio and Lâ€™Erario, Giuseppe and Traversaro, Silvio and Pucci, Daniele},
  booktitle={2024 IEEE-RAS 23rd International Conference on Humanoid Robots (Humanoids)},
  pages={505--512},
  year={2024},
  organization={IEEE}
}
